<collection xmlns="http://www.loc.gov/MARC21/slim">
<record>
  <leader>01239nam0a22002411i 450 </leader>
  <controlfield tag="001">IT\ICCU\CNCE\076590</controlfield>
  <controlfield tag="005">20110928000000.0</controlfield>
  <datafield tag="012" ind1=" " ind2=" ">
    <subfield code="a">zoo, n-la eluo teso (3) 1553 (A)</subfield>
    <subfield code="2">fei</subfield>
  </datafield>
  <datafield tag="100" ind1=" " ind2=" ">
    <subfield code="a">20110921d1553        0itac0103    ba</subfield>
  </datafield>
  <datafield tag="101" ind1=" " ind2=" ">
    <subfield code="a">ITA</subfield>
  </datafield>
  <datafield tag="102" ind1=" " ind2=" ">
    <subfield code="a">IT</subfield>
  </datafield>
  <datafield tag="200" ind1="1" ind2=" ">
    <subfield code="a">℗Le ℗lalde, e le sbampuorie, della vnica e virtuliosa Ziralda: ballarina e saltarina scaltrietta Pauana: destendue in tuna slettra scritta in lengua Pauana per lo arguttissimo messier Iacomo Morello da Padoa ...</subfield>
  </datafield>
  <datafield tag="210" ind1=" " ind2=" ">
    <subfield code="a">In Vinegia</subfield>
    <subfield code="c">appresso Stephano di Alessi</subfield>
    <subfield code="d">alla Libraria del Caualletto</subfield>
    <subfield code="d">1553</subfield>
    <subfield code="e">In Vinegia</subfield>
    <subfield code="g">appresso Stephano di Alessi</subfield>
    <subfield code="h">alla Libraria del Caualletto</subfield>
  </datafield>
  <datafield tag="215" ind1=" " ind2=" ">
    <subfield code="a">22 p.</subfield>
    <subfield code="d">8ʻ</subfield>
  </datafield>
  <datafield tag="620" ind1=" " ind2=" ">
    <subfield code="a">IT</subfield>
    <subfield code="d">Venezia</subfield>
  </datafield>
  <datafield tag="700" ind1=" " ind2="1">
    <subfield code="a">Morello,</subfield>
    <subfield code="b">Giacomo</subfield>
    <subfield code="3">IT\ICCU\CNCA\026684</subfield>
  </datafield>
  <datafield tag="712" ind1="0" ind2="0">
    <subfield code="a">Alessi, Stefano</subfield>
    <subfield code="3">IT\ICCU\CNCT\001260</subfield>
    <subfield code="4">650</subfield>
  </datafield>
  <datafield tag="791" ind1="0" ind2="0">
    <subfield code="a">Alesi, Stephano de</subfield>
    <subfield code="3">IT\ICCU\CNCT\004229</subfield>
    <subfield code="z">Alessi, Stefano</subfield>
  </datafield>
  <datafield tag="801" ind1=" " ind2="3">
    <subfield code="a">IT</subfield>
    <subfield code="b">ICCU</subfield>
    <subfield code="c">20201115</subfield>
  </datafield>
  <datafield tag="899" ind1=" " ind2=" ">
    <subfield code="a">Biblioteca nazionale centrale. Firenze</subfield>
    <subfield code="1">FI0098</subfield>
    <subfield code="2">CFI CF</subfield>
  </datafield>
  <datafield tag="899" ind1=" " ind2=" ">
    <subfield code="a">Biblioteca nazionale Marciana. Venezia</subfield>
    <subfield code="1">VE0049</subfield>
    <subfield code="2">VEA BM</subfield>
  </datafield>
  <datafield tag="911" ind1=" " ind2=" ">
    <subfield code="a">Sul front.</subfield>
    <subfield code="9">IT\ICCU\CNCM\000055</subfield>
  </datafield>
  <datafield tag="921" ind1=" " ind2=" ">
    <subfield code="a">IT\ICCU\CNCM\000055</subfield>
    <subfield code="b">Cavallo passante, paesaggio sullo sfondo.</subfield>
    <subfield code="c">Q27</subfield>
    <subfield code="c">V258</subfield>
    <subfield code="c">Z223</subfield>
    <subfield code="d">Dimensioni: 6,5 x 5</subfield>
    <subfield code="f">CAVALLO</subfield>
    <subfield code="f">PAESAGGIO</subfield>
    <subfield code="g">1551-1599</subfield>
  </datafield>
</record>
</collection>
